@misc{repo,
  key = {SPIN-bpmn-cwp-verification-paper},
  title  = "Model Checking A Remote Monitoring Heath IT System for Patient Safety",
  howpublished = "\url{https://github.com/ericmercer/SPIN-bpmn-cwp-verification-paper}"
}
